<record><leader>01784cam a2200325 a 4500</leader><controlfield tag="001">1325565</controlfield><controlfield tag="008">901002s1985    mauaf             1 eng d</controlfield><datafield ind1=" " ind2=" " tag="010"><subfield code="a">   86109210</subfield></datafield><datafield ind1=" " ind2=" " tag="035"><subfield code="a">ocm12272694</subfield></datafield><datafield ind1=" " ind2=" " tag="040"><subfield code="a">DLC</subfield><subfield code="b">eng</subfield><subfield code="c">DLC</subfield></datafield><datafield ind1=" " ind2=" " tag="049"><subfield code="a">AEU</subfield><subfield code="b">eng</subfield></datafield><datafield ind1="0" ind2="0" tag="050"><subfield code="a">PS1305.A2</subfield><subfield code="b">F5 1985</subfield></datafield><datafield ind1="0" ind2=" " tag="082"><subfield code="a">813/.4</subfield><subfield code="2">19</subfield></datafield><datafield ind1="0" ind2=" " tag="090"><subfield code="a">PS 1305 A1 1985a folio</subfield></datafield><datafield ind1="1" ind2=" " tag="100"><subfield code="a">Twain, Mark,</subfield><subfield code="d">1835-1910.</subfield></datafield><datafield ind1="1" ind2="0" tag="245"><subfield code="a">Adventures of Huckleberry Finn /</subfield><subfield code="c">Mark Twain ; illustrated by Barry Moser ; foreword by Henry Nash Smith.</subfield></datafield><datafield ind1=" " ind2=" " tag="260"><subfield code="a">West Hatfield [Mass.] :</subfield><subfield code="b">Pennyroyal Press,</subfield><subfield code="c">1985.</subfield></datafield><datafield ind1=" " ind2=" " tag="300"><subfield code="a">xxii, 419 p., [44] leaves of plates :</subfield><subfield code="b">ill. ;</subfield><subfield code="c">34 cm. +</subfield><subfield code="e">1 portfolio ([49] sheets : all ill. ; 34 cm.)</subfield></datafield><datafield ind1=" " ind2=" " tag="336"><subfield code="a">text</subfield><subfield code="b">txt</subfield><subfield code="2">rdacontent</subfield></datafield><datafield ind1=" " ind2=" " tag="337"><subfield code="a">unmediated</subfield><subfield code="b">n</subfield><subfield code="2">rdamedia</subfield></datafield><datafield ind1=" " ind2=" " tag="338"><subfield code="a">volume</subfield><subfield code="b">nc</subfield><subfield code="2">rdacarrier</subfield></datafield><datafield ind1=" " ind2=" " tag="500"><subfield code="a">"This text of Adventures of Huckleberry Finn has been faithfully typeset from the text established by Victor Fischer for the edition he is preparing with Walter Blair for the Works and papers of Mark Twain, to be published ... by the University of California Press"--P. 415. Fischer and Blair attempt, using the extant portions of the author's final manuscript, to correct errors and omissions found in the 1st ed. of 1885.</subfield></datafield><datafield ind1=" " ind2=" " tag="500"><subfield code="a">"This centenary edition ... is limited to 350"--Colophon.</subfield></datafield><datafield ind1=" " ind2=" " tag="500"><subfield code="a">The text volume and the portfolio, containing an extra suite of all of Barry Moser's wood engravings comprising the ill. and decoration in the text, printed 1 ill. per sheet, are issued together in a case.</subfield></datafield><datafield ind1=" " ind2=" " tag="500"><subfield code="a">In slipcase.</subfield></datafield><datafield ind1=" " ind2=" " tag="590"><subfield code="a">Library has: no. 75.</subfield></datafield><datafield ind1=" " ind2=" " tag="596"><subfield code="a">50</subfield></datafield><datafield ind1="1" ind2=" " tag="700"><subfield code="a">Moser, Barry.</subfield></datafield><datafield ind1="1" ind2=" " tag="700"><subfield code="a">Fischer, Victor,</subfield><subfield code="d">1942-</subfield></datafield><datafield ind1=" " ind2=" " tag="926"><subfield code="a">PS 1305 A1 1985a folio</subfield><subfield code="w">LC</subfield><subfield code="c">1</subfield><subfield code="i">000034259952</subfield><subfield code="l">SPECIALCOL</subfield><subfield code="m">UASPCOLL</subfield><subfield code="p">$150.00</subfield><subfield code="r">Y</subfield><subfield code="s">Y</subfield><subfield code="t">NO_LOAN</subfield><subfield code="u">10/4/1990</subfield></datafield></record>